
@article{oldham_triggering_1972,
	title = {Triggering phenomena in avalanche diodes},
	volume = {19},
	issn = {0018-9383},
	url = {http://ieeexplore.ieee.org/document/1477015/},
	doi = {10.1109/T-ED.1972.17544},
	number = {9},
	urldate = {2021-04-02},
	journal = {IEEE Transactions on Electron Devices},
	author = {Oldham, W.G. and Samuelson, R.R. and Antognetti, P.},
	month = sep,
	year = {1972},
	pages = {1056--1060},
}

@inproceedings{gulinatti_design-oriented_2009,
	address = {Belek-Antalya, Turkey},
	title = {Design-oriented simulation of the {Photon} {Detection} {Efficiency} and temporal response of {Single} {Photon} {Avalanche} {Diodes}},
	isbn = {978-1-4244-3680-4},
	url = {http://ieeexplore.ieee.org/document/5343243/},
	doi = {10.1109/LEOS.2009.5343243},
	urldate = {2021-03-24},
	booktitle = {2009 {IEEE} {LEOS} {Annual} {Meeting} {Conference} {Proceedings}},
	publisher = {IEEE},
	author = {Gulinatti, Angelo and Rech, Ivan and Assanelli, Mattia and Ghioni, Massimo and Cova, Sergio D.},
	month = oct,
	year = {2009},
	pages = {297--298},
}

@book{ascher_numerical_1987,
	address = {Philadelphia},
	edition = {1st Edition},
	title = {Numerical {Solution} of {Boundary} {Value} {Problems} for {Ordinary} {Differential} {Equations}},
	isbn = {978-0-89871-354-1},
	abstract = {This book is the most comprehensive, up-to-date account of the popular numerical methods for solving boundary value problems in ordinary differential equations. It aims at a thorough understanding of the field by giving an in-depth analysis of the numerical methods by using decoupling principles. Numerous exercises and real-world examples are used throughout to demonstrate the methods and the theory. Although first published in 1988, this republication remains the most comprehensive theoretical coverage of the subject matter, not available elsewhere in one volume. Many problems, arising in a wide variety of application areas, give rise to mathematical models which form boundary value problems for ordinary differential equations. These problems rarely have a closed form solution, and computer simulation is typically used to obtain their approximate solution. This book discusses methods to carry out such computer simulations in a robust, efficient, and reliable manner.},
	language = {English},
	publisher = {Society for Industrial and Applied Mathematics},
	author = {Ascher, Uri M. and Mattheij, Robert M. M. and Russell, Robert D.},
	month = jan,
	year = {1987},
}

@article{van_overstraeten_measurement_1970,
	title = {Measurement of the ionization rates in diffused silicon p-n junctions},
	volume = {13},
	issn = {0038-1101},
	url = {http://www.sciencedirect.com/science/article/pii/0038110170901395},
	doi = {10.1016/0038-1101(70)90139-5},
	abstract = {An improved method is presented for calculating the ionization rates αn and αp from charge multiplication measurements on diffused silicon p-n junctions. The main features of this method are: The real impurity profile is approximated by an exponential function whose parameters are calculated from capacitance measurements; the ratio γ = αp/αn as a function of the electric field is calculated from multiplication measurements; the ionization rates are solved from the ionization integral for pure electron injection, taking the influence of the threshold energy into account. Measurements on narrow junctions agree with measurements on wide junctions by assuming a threshold energy of 1.8 eV for electrons, in agreement with the results of Moll and van Overstraeten.(1) The ionization rates differ from those of Moll and van Overstraeten(1) and of Lee, Logan et al.(2) mainly because these authors neglect the influence of the threshold energy. The electron and hole data satisfy Chynoweth's law α(E) = α∞ exp(−b/¦E¦), cm−1 with: for electrons α∞ = 7.03 × 105 cm−1 b = 1.231 × 106 V cm−1 for 1.75 × 105 ⩽ E ⩽ 6.0 × 105 V cm−1 for holes α∞ = 1.582 × 106 cm−1b = 2.036 × 106 V cm−1 for 1.75 × 105 ⩽ E ⩽ 4.0 × 105 V cm−1 and α∞ = 6.71 × 105 cm−1b = 1.693 × 106 V cm−1 for 4.0 × 105 ⩽ E ⩽ 6.0 × 105 V cm−1 Breakdown voltages are computed for high voltage p-n and p-i-n diodes. These are in good agreement with experiments, indicating the reliability of the ionization rates.
Résumé
On présente une méthode améliorée pour calculer les taux d'ionisation αn et αp à partir des mesures de multiplication de charge sur des jonctions p-n diffusées en silicium. Les principaux aspects de cette méthode sont: —les profils d'impureté réels sont approximés par une fonction exponentielle dont les paramètres sont calculés des mesures de capacité. —le rapport γ = αn/αp en fonction du champ électrique est calculé des mesures de multiplication. —les taux d'ionisation sont obtenus de l'intégrale d'ionisation de l'injection d'électrons purs, en tenant compte de l'énergie de seuil. Les mesures sur les jonctions étroites sont en accord avec les mesures sur les jonctions larges en supposant une énergie de suil de 1,8 eV pour les électrons en accord avec les résultats de Moll et van Overstraeten.(1) Les taux d'ionisation diffèrent de ceux de Moll et van Overstraeten(1) et Lee, Logan et al.(2) surtout parce que ces auteurs négligent l'influence de l'énergie de seuil. Les données valeurs obtenues pour les électrons et les trous satisfont la loi de Chynoweth α(E) = α∞exp(−b/¦E¦) cm−1 avec: —pour les électrons α∞ = 7,03 × 105 cm−1b = 1,231 × 106 V cm−1 pour 1,75 × 105 ⩽ E ⩽ 6,0 × 105 V cm−1 —pour les trous α∞ = 1,582 × 106 cm−1b = 2,036 × 106 V cm−1 pour 1,75 × 105 ⩽ E ⩽ 4,0 × 105 V cm−1 et α∞ = 6,71 × 105 cm−1b = 1,693 × 106 V cm−1 pour 4,0 × 105 ⩽ E ⩽ 6,0 × 105 V cm−1 Des tensions de rupture sont calculées pour des diodes p-n et p-i-n à hautes tensions. Celles-ci sont en bon accord avec les expériences indiquant des taux d'ionisation sûrs.
Zusammenfassung
Eine verbesserte Methode zur Berechnung der Ionisationsraten αn und αp aus Messungen der Ladungsträgermultiplikation bei diffundierten Silizium-pn-Übergängen wird angegeben. Die wichtigsten Charakteristika der Methode sind: Das tatsächliche Störstellenprofil wird durch eine Exponentialfunktion angenähert, deren Parameter aus Kapazitätsmessungen berechnet werden. Das Verhältnis γ = αp/αn wird als Funktion des elektrischen Feldes aus Multiplikationsmessungen ermittelt. Die Ionisationsraten werden aus dem Ionisationsintegral bei reiner Elektroneninjektion bestimmt unter Berücksichtigung des Einflusses einer Schwellenenergie. Messungen an schmalen pn-Übergängen stimmen mit solchen an weiten pn-Übergängen überein unter der Annahme einer Schwellenenergie von 1,8 eV für Elektronen. Dieser Wert ist in Übereinstimmung mit Ergebnissen von Moll und van Overstraeten.(1) Die Ionisationsrate unterscheidet sich von den Werten dieser Autoren und denen von Lee, Logan et al.(2) hauptsächlich deshalb, weil diese den Einfluss der Schwellenenergie vernachlässigt haben. Die Ergebnisse für Elektronen und Löcher erfüllen das Gesetz von Chynoweth α(E) = α∞(exp−b/¦E¦)(cm−1) mit den Parameterweten: Für Elektronen α∞ = 7,03 . 105/cmb = 1,231 . 106 V/cm im Bereich 1,75 . 105 ⩽ E (V/cm) ⩽ 6,0 . 105 Für Löcher α∞ = 1,582 . 106/cmb = 2,036 . 106/cm im Bereich 1,75 . 105 ⩽ E (V/cm) ⩽ 4,0 . 105 und α∞ = 6,71 . 105/cmb = 1,693 . 106/cm im Bereich 4,0 . 105 ⩽ E (V/cm) ⩽ 6,0 . 105 Die Durchbruchsspannungen für Hochspannungs-p-n- und p-i-n-Dioden wurden berechnet. Sie sind in guter Übereinstimmung mit den Experimenten, was die Zuverlässigkeit der ermittelten Werte für die Ionisationsraten anzeigt.},
	language = {en},
	number = {5},
	urldate = {2020-12-08},
	journal = {Solid-State Electronics},
	author = {Van Overstraeten, R. and De Man, H.},
	month = may,
	year = {1970},
	pages = {583--608},
	file = {ScienceDirect Snapshot:C\:\\Users\\remi helleboid\\Zotero\\storage\\PWI9TFAM\\0038110170901395.html:text/html},
}

@article{sun_simple_2019,
	title = {A {Simple} {Analytic} {Modeling} {Method} for {SPAD} {Timing} {Jitter} {Prediction}},
	volume = {7},
	issn = {2168-6734},
	url = {https://ieeexplore.ieee.org/document/8625528/},
	doi = {10.1109/JEDS.2019.2895151},
	urldate = {2020-11-01},
	journal = {IEEE Journal of the Electron Devices Society},
	author = {Sun, Feiyang and Xu, Yue and Wu, Zhong and Zhang, Jun},
	year = {2019},
	pages = {261--267},
	file = {Full Text:C\:\\Users\\remi helleboid\\Zotero\\storage\\HDH4E2VE\\Sun et al. - 2019 - A Simple Analytic Modeling Method for SPAD Timing .pdf:application/pdf},
}

@article{kierzenka_bvp_2001,
	title = {A {BVP} solver based on residual control and the {Maltab} {PSE}},
	volume = {27},
	issn = {0098-3500},
	url = {https://doi.org/10.1145/502800.502801},
	doi = {10.1145/502800.502801},
	abstract = {Our goal was to make it as easy as possible to solve a large class of boundary value problems (BVPs) for ordinary differential equations in the Matlab problem solving environment (PSE). We present here theoretical and software developments resulting in bvp4c, a capable BVP solver that is exceptionally easy to use.},
	number = {3},
	urldate = {2020-09-17},
	journal = {ACM Transactions on Mathematical Software},
	author = {Kierzenka, Jacek and Shampine, Lawrence F.},
	month = sep,
	year = {2001},
	keywords = {Collocation method, Matlab, residual control},
	pages = {299--316},
}

@article{karahan_unconditional_2007,
	title = {Unconditional stable explicit finite difference technique for the advection–diffusion equation using spreadsheets},
	volume = {38},
	issn = {09659978},
	url = {https://linkinghub.elsevier.com/retrieve/pii/S096599780600113X},
	doi = {10.1016/j.advengsoft.2006.08.001},
	language = {en},
	number = {2},
	urldate = {2021-04-06},
	journal = {Advances in Engineering Software},
	author = {Karahan, Halil},
	month = feb,
	year = {2007},
	pages = {80--86},
}

@article{pancheri_characterization_2014,
	title = {Characterization and {Modeling} of {Breakdown} {Probability} in {Sub}-{Micrometer} {CMOS} {SPADs}},
	volume = {20},
	issn = {1077-260X, 1558-4542},
	url = {http://ieeexplore.ieee.org/document/6847145/},
	doi = {10.1109/JSTQE.2014.2327791},
	number = {6},
	urldate = {2021-04-07},
	journal = {IEEE Journal of Selected Topics in Quantum Electronics},
	author = {Pancheri, Lucio and Stoppa, David and Dalla Betta, Gian-Franco},
	month = nov,
	year = {2014},
	pages = {328--335},
}

@article{hill_how_nodate,
	title = {How to {Combine} {Independent} {Data} {Sets} for the {Same} {Quantity}},
	abstract = {This paper describes a recent mathematical method called conflation for consolidating data from independent experiments that are designed to measure the same quantity, such as Planck’s constant or the mass of the top quark. Conflation is easy to calculate and visualize, and minimizes the maximum loss in Shannon information in consolidating several independent distributions into a single distribution. In order to benefit the experimentalist with a much more transparent presentation than the previous mathematical treatise, the main basic properties of conflation are derived in the special case of normal (Gaussian) data. Included are examples of applications to real data from measurements of the fundamental physical constants and from measurements in high energy physics, and the conflation operation is generalized to weighted conflation for situations when the underlying experiments are not uniformly reliable.},
	language = {en},
	author = {Hill, Theodore P and Miller, Jack},
	pages = {20},
	file = {Hill and Miller - How to Combine Independent Data Sets for the Same .pdf:C\:\\Users\\remi helleboid\\Zotero\\storage\\FFIDBMED\\Hill and Miller - How to Combine Independent Data Sets for the Same .pdf:application/pdf},
}

@article{spinelli_physics_1997,
	title = {Physics and numerical simulation of single photon avalanche diodes},
	volume = {44},
	issn = {1557-9646},
	doi = {10.1109/16.641363},
	abstract = {We present results of the numerical simulation of the transient behavior of shallow junction single photon avalanche diodes (SPAD's). We developed a bidimensional model for above breakdown simulations and show that the initially photogenerated charge density builds up locally by an avalanche multiplication process and then spreads over the entire detector area by a diffusion-assisted process. To model real geometries, we developed a simplified model based on the obtained results. The importance of the photon-assisted spreading mechanism is evaluated and compared with the diffusive one. The contribution of the photon-assisted mechanism is minor in these geometries. The model is compared with the experimental data on the avalanche leading edge and the timing resolution; the agreement is good. We conclude that the model can be considered to be a useful tool for the design of improved structures.},
	number = {11},
	journal = {IEEE Transactions on Electron Devices},
	author = {Spinelli, A. and Lacaita, A. L.},
	month = nov,
	year = {1997},
	note = {Conference Name: IEEE Transactions on Electron Devices},
	keywords = {Biomedical optical imaging, Geometry, Infrared detectors, Numerical simulation, Optical modulation, Optical sensors, P-n junctions, Physics, Semiconductor diodes, Solid modeling},
	pages = {1931--1943},
	file = {IEEE Xplore Abstract Record:C\:\\Users\\remi helleboid\\Zotero\\storage\\LUFU9PD3\\641363.html:text/html},
}
